@BOOK{nenr,
    title     = "Neizrazito, evolucijsko i neuroračunarstvo",
    author    = "Marko Čupić and Bojana Dalbelo Bašić and Marin Golub",
    year      = "2013"
}